<?xml version="1.0" encoding="UTF-8"?><record xmlns="http://www.loc.gov/MARC21/slim" xmlns:cinclude="http://apache.org/cocoon/include/1.0" xmlns:zs="http://www.loc.gov/zing/srw/">
  <leader>00767cz  a2200145n  4500</leader>
  <controlfield tag="001">n  86842869 </controlfield>
  <controlfield tag="003">DLC</controlfield>
  <controlfield tag="005">20080426080151.0</controlfield>
  <controlfield tag="008">860725n| acannaabn          |a and      </controlfield>
  <datafield tag="010" ind1=" " ind2=" ">
    <subfield code="a">n  86842869 </subfield>
  </datafield>
  <datafield tag="035" ind1=" " ind2=" ">
    <subfield code="a">(OCoLC)oca01639903</subfield>
  </datafield>
  <datafield tag="040" ind1=" " ind2=" ">
    <subfield code="a">DLC</subfield>
    <subfield code="b">eng</subfield>
    <subfield code="c">DLC</subfield>
    <subfield code="d">OCoLC</subfield>
  </datafield>
  <datafield tag="110" ind1="2" ind2=" ">
    <subfield code="a">United Nations Industrial Development Organization.</subfield>
    <subfield code="b">Chemical Industries Branch</subfield>
  </datafield>
  <datafield tag="410" ind1="2" ind2=" ">
    <subfield code="a">United Nations Industrial Development Organization.</subfield>
    <subfield code="b">Division of Industrial Operations.</subfield>
    <subfield code="b">Chemical Industries Branch</subfield>
  </datafield>
  <datafield tag="670" ind1=" " ind2=" ">
    <subfield code="a">nuc86-69612: United Nations Industrial Development Organization. Advisory Panel on Preventive Medicine. Meeting (1984 : Vienna, Austria). UNIDO programme for industrial production ... 1984</subfield>
    <subfield code="b">(usage on CU rept.: Chemical Industries Branch, Division of Industrial Operations)</subfield>
  </datafield>
</record>